<?xml version="1.0" encoding="UTF-8"?><collection xmlns="http://www.loc.gov/MARC21/slim"><record><leader>00501nam--2200193-i-4500</leader><controlfield tag="001">000007625</controlfield><controlfield tag="002">20161230</controlfield><controlfield tag="005">20170124002240</controlfield><controlfield tag="008">060222s1000------------r-----000-0-fre-d</controlfield><datafield ind1=" " ind2=" " tag="040"><subfield code="a">IFIN-HH</subfield></datafield><datafield ind1=" " ind2=" " tag="041"><subfield code="a">fre</subfield></datafield><datafield ind1=" " ind2=" " tag="080"><subfield code="a">519.283</subfield></datafield><datafield ind1="1" ind2=" " tag="100"><subfield code="a">Kaufmann, A</subfield></datafield><datafield ind1="1" ind2="0" tag="245"><subfield code="a">La programmation dynamique. Gestion scientifique sequentielle</subfield><subfield code="c">A. Kaufmann, R. Cruon</subfield></datafield><datafield ind1=" " ind2=" " tag="260"><subfield code="a">Paris</subfield><subfield code="b">Dunod</subfield><subfield code="c">1965</subfield></datafield><datafield ind1=" " ind2=" " tag="300"><subfield code="a">XVI+273 p</subfield></datafield><datafield ind1="1" ind2=" " tag="700"><subfield code="a">Cruon, R</subfield></datafield><datafield ind1=" " ind2=" " tag="852"><subfield code="a">23956</subfield><subfield code="c">519.283</subfield></datafield><datafield ind1=" " ind2=" " tag="CAT"><subfield code="a">SYS</subfield><subfield code="c">20170124</subfield><subfield code="h">002240</subfield></datafield></record></collection>